@book{ lamport86 ,
     author =    "Leslie Lamport" ,
     title =     "\LaTeX: A Document Preparation System" ,
     publisher = "Addison--Wesley Pub.\ Co." ,
     year =      "1986" ,
     address =   "Reading, MA" 
}


@Article{ thomsonlayer6 ,
	Author="Thomson, A. M. ",
	Title="{{N}eocortical layer 6, a review}",
	Journal="Front Neuroanat",
	Year="2010",
	Volume="4",
	Pages="13"
}

@book{ carlsonphysiology ,
	author =    "Carlson" ,
	title =     "Physiology of behavior" ,
	publisher = "Pearson" ,
	year =      "2013"
}

@incollection{morphology,
	author = {Schmolesky, M.},
	editor = {H. Kolb, E. Fernandez, R. Nelson},
	title = {The Primary Visual Cortex},
	booktitle = {Webvision: The Organization of the Retina and Visual System [Internet]},
	date = {2007-06-14},

	publisher = {University of Utah Health Sciences Center},
	location = {Salt Lake City (UT)},
	url = {https://www.ncbi.nlm.nih.gov/books/NBK11524/	},
	urldate = {2017-11-08},
	origdate = {2005-05-01}
}


@incollection{wojcik,
	author = {Wójcik, D. K.},
	editor = {Jaeger D., Jung R.},
	title = {Current Source Density (CSD) Analysis},
	booktitle = {Encyclopedia of Computational Neuroscience},
	date = {2014-02-10},
	publisher = {Springer},
	location = {New York, NY},

}


@Article{maier2010,
	Author="Maier, A.  and Adams, G. K.  and Aura, C.  and Leopold, D. A. ",
	Title="{{D}istinct superficial and deep laminar domains of activity in the visual cortex during rest and stimulation}",
	Journal="Front Syst Neurosci",
	Year="2010",
	Volume="4"
}


@Article{maier2011,
	Author="Maier, A. and Aura, C. J. and Leopold, D. A. ",
	Title="{{I}nfragranular sources of sustained local field potential responses in macaque primary visual cortex}",
	Journal="J. Neurosci.",
	Year="2011",
	Volume="31",
	Number="6",
	Pages="1971--1980",
	Month="Feb"
}



@book{atlas, 
	author = "Paxinos, G. and Watson, C.", 
	title  = "The Rat Brain in Stereotaxic Coordinates", 
	publisher= "Elsevier Inc", 
	edition= "sixth", 
	year   = "2007"	} 


@Article{welch,
	Author="Welch, Peter D",
	Title="{{T}he use of Fast Fourier Transform for the estimation of power spectra: A method based on time averaging over short, modified periodograms}",
	Journal="IEEE Trans. Audio and Electroacoust.",
	Year="1967",
	Volume="AU-15",
	Pages="70--73",
	Month="Jun"
}


@book{parallel ,
	author =    "Stone, J." ,
	title =     "Parallel Processing in the visual system" ,
	publisher = "Plenum Press" ,
	year =      "1983",
	location = "New York"
}

@Article{viola,
	Author="Waleszczyk, W. J.  and Bekisz, M.  and Wrobel, A. ",
	Title="{{C}ortical modulation of neuronal activity in the cat's lateral geniculate and perigeniculate nuclei}",
	Journal="Exp. Neurol.",
	Year="2005",
	Volume="196",
	Number="1",
	Pages="54--72",
}

@Article{ja,
	Author="Wierzbicka, A. and Kordecka, K. and Żygierewicz, J. and Waleszczyk, W. J.  ",
	Title="{Analytical approaches to estimation of temporal frequency preference from visual evoked potentials}",
	Journal="Proc. of SPIE",
	Year="2017",
	Volume="10445",
	Number="104453W-1",
}

@Article{potworowski,
	Author="Potworowski, J.  and Jakuczun, W.  and L?ski, S.  and Wojcik, D. ",
	Title="{{K}ernel current source density method}",
	Journal="Neural Comput",
	Year="2012",
	Volume="24",
	Number="2",
	Pages="541--575",
	Month="Feb"
}

@Article{retino,
	Author="Todorov, M. I.  and Kekesi, K. A.  and Borhegyi, Z.  and Galambos, R.  and Juhasz, G.  and Hudetz, A. G. ",
	Title="{{R}etino-cortical stimulus frequency-dependent gamma coupling: evidence and functional implications of oscillatory potentials}",
	Journal="Physiol Rep",
	Year="2016",
	Volume="4",
	Number="19",
	Month="Oct"
}
